@article{libsvm,
 author = {{Chang, Chih-Chung and Lin, Chih-Jen}},
 title = {{LIBSVM}: A library for support vector machines},
 journal = {ACM Transactions on Intelligent Systems and Technology},
 volume = {2},
 issue = {3},
 year = {2011},
 pages = {27:1--27:27},
 note =	 {Software available at \url{http://www.csie.ntu.edu.tw/~cjlin/libsvm}}
}
@MastersThesis{siddra,
author = {Siddharth Agarwal},
title = {Genre and Style Tagging of Paintings},
school={IIT Kanpur},
year={2014},
note={Unpublished Manuscript}
}
@Article{Jure,
author = {Julian McAuley, Jure Leskovec},
title = {Image Labeling on a Network: Using Social-Network Metadata for Image Classification},
journal = {Computer Vision â€“ ECCV},
year = {2012},
}
@Article{MIR,
author = {Huiskes, M., Lew},
title = {The MIR Flickr retrieval evaluation.},
journal = {CIVR},
year = {2008}
}
@Article{NUS,
author = {Chua, T.S. and Tang, J. and  Hong, R.and Li, H. and Luo, Z. and d Zheng,Y.T.},
title = {NUS-WIDE: A realworld web image database from the National University of Singapore.},
journal = {CIVR},
year = {2009}
}
@Article{PASCAL,
author = {Everingham, M. and Van Gool, L. and  Williams, C. and Winn, J. and Zisserman, A.},
title = { The PASCAL visual object classes (VOC) challenge.},
journal = {IJCV},
year = {2010}
}
@Article{CLEF,
author = {Nowak, S. and  Huiskes, M.},
title = {New strategies for image annotation: Overview of the photo annotation task at ImageCLEF 2010.},
journal = {CLEF (Notebook Papers/LABs/Workshops)},
year = {2010}
}
@Article{MIRresults,
author = {Huiskes, M. and  Thomee, B. and Lew M.},
title = {New trends and ideas in visual concept detection:the MIR Flickr retrieval evaluationinitiative.},
journal = {CIVR},
year = {2010}
}
@Article{Deerwester,
author = {Deerwester S. et al},
title = { Improving Information Retrieval with Latent Semantic Indexing},
journal = {Proceedings of the 51st Annual Meeting of the American Society for Information Science 25,},
year = {1988}
}
@InProceedings{e-discovery,
 author = {Deerwester S. et al},
 title = { Best Practices Commentary on the Use of Search and Information Retrieval Methods in E-Discovery},
 booktitle = {the Sedona Conference},
 year = {2007}
 }
@Article{Blei,
author = {Blei, David M. and Ng, Andrew Y. and Jordan, Michael I},
title = {"Latent Dirichlet allocation". In Lafferty, John. Journal of Machine Learning Research},
journal = {Journal of Machine Learning Research},
year = {2003}
}
@Article{Li,
author = {Li, Fei-Fei; Perona, Pietro.},
title = {A Bayesian Hierarchical Model for Learning Natural Scene Categories},
journal = {Proceedings of the 2005 IEEE Computer Society Conference on Computer Vision and Pattern Recognition},
year = {2005},
}
@Article{randproj,
author = {Ella Bingham and Heikki Mannila},
title = {Random projection in dimensionality reduction:
Applications to image and text data},
}
@Article{RP,
author = {D. Achlioptas.},
title = {Database-friendly random projections.},
journal = {In Proceeding of ACM Symposium on the Principles of Database
Systems},
year = {2001},
}
@Article{Dasgupta,
author = {S. Dasgupta},
title = {Experiments with random projection},
journal = {In Proceeding on Uncertainty in Artificial Intelligence},
year = {2000},
}
@Article{radimrehurek,
author = {Radim Rehurek and Petr Sojka},
title = {GENSIM:Software Framework for Topic Modelling with Large Corpora},
journal = {Natural Language Processing Laboratory Masaryk University, Faculty of Informatics},
year = {2010},
}
@inproceedings{gensim,
      title = {Software Framework for Topic Modelling with Large Corpora},
      author = {Radim {\v R}eh{\r u}{\v r}ek and Petr Sojka},
      booktitle = {{Proceedings of the LREC 2010 Workshop on New
           Challenges for NLP Frameworks}},
      pages = {45--50},
      year = 2010,
      month = May,
      day = 22,
      publisher = {ELRA},
      address = {Valletta, Malta},
      note={\url{http://is.muni.cz/publication/884893/en}},
      language={English}
}
@Article{haralick,
author = {Robert M Haralick.},
title = {Statistical and structural approaches to texture. },
journal = {Proceedings of the IEEE},
year = {1979}
}
@InProceedings{lowe,
author = {David G Lowe},
title = {Object recognition from local scale-invariant features.},
booktitle = {The proceedings of the seventh IEEE international conference on Computer Vision}
}
@InProceedings{bagOfWords,
author = {Svetlana Lazebnik and Cordelia Schmid and Jean Ponce},
title = {Beyond bags of features:
Spatial pyramid matching for recognizing natural scene categories.}
}

@Article{GLCM1,
author = {Ya-Chun Cheng, Shu-Yuan Chen},
title = {Image classification using color, texture and regions},
journal = {Image and Vision Computing},
year = {2003}
}
@Article{CIELAB,
author = {Marko Tkalcic, Jurij F Tasic},
title = {Colour spaces perceptual, historical and applicational background},
journal = {Eurocon},
year = {2003}
}
@Article{naturalSceneRecognition,
author = {Li Fei-Fei and Pietro Perona},
title = {A bayesian hierarchical model for learning natural
scene categories.},
journal = {IEEE Computer Society Conference on Computer Vision and Pattern Recognition, 2005},
year = {2005},
OPTvolume = {2},
OPTpages = {524-531}
}

@misc{lowe2004method,
  title={Method and apparatus for identifying scale invariant features in an image and use of same for locating an object in an image},
  author={Lowe, D.G.},
  url={http://www.google.com/patents/US6711293},
  year={2004},
  month=mar # "~23",
  publisher={Google Patents},
  note={US Patent 6,711,293},
}

@Article{theoryOfReceptiveFields,
year={2013},
issn={0340-1200},
journal={Biological Cybernetics},
volume={107},
number={6},
doi={10.1007/s00422-013-0569-z},
title={A computational theory of visual receptive fields},
url={http://dx.doi.org/10.1007/s00422-013-0569-z},
publisher={Springer Berlin Heidelberg},
keywords={Receptive field; Scale space; Gaussian derivative; Scale covariance; Affine covariance; Galilean covariance; Illumination invariance; LGN; Primary visual cortex; Visual area V1; Functional model; Simple cell; Double-opponent cell; Complex cell; Vision; Theoretical neuroscience; Theoretical biology},
author={Lindeberg, Tony},
pages={589-635},
language={English}
}

@Misc{vlfeat,
author = {A. Vedaldi and B. Fulkerson.},
title = { VLFeat: An open and portable library of computer
vision algorithms. http://www.vlfeat.org/},
year = {2008},
}
@Article{GIST,
author = {Aude Oliva and Antonio Torralba.},
title = {Modeling the shape of the scene: A holistic representation of the spatial envelope.},
journal = {International journal of Computer Vision},
year = {2001},
OPTpages = {145-175}
}
@inproceedings{HOG,
 author = {Dalal, Navneet and Triggs, Bill},
 title = {Histograms of Oriented Gradients for Human Detection},
 booktitle = {Proceedings of the 2005 IEEE Computer Society Conference on Computer Vision and Pattern Recognition (CVPR'05) - Volume 1 - Volume 01},
 series = {CVPR '05},
 year = {2005},
 isbn = {0-7695-2372-2},
 pages = {886--893},
 numpages = {8},
 url = {http://dx.doi.org/10.1109/CVPR.2005.177},
 doi = {10.1109/CVPR.2005.177},
 acmid = {1069007},
 publisher = {IEEE Computer Society},
 address = {Washington, DC, USA}
 } 

@inproceedings{wangHog,
  title={An HOG-LBP human detector with partial occlusion handling},
  author={Wang, Xiaoyu and Han, Tony X and Yan, Shuicheng},
  booktitle={Computer Vision, 2009 IEEE 12th International Conference on},
  pages={32--39},
  year={2009},
  organization={IEEE}
}
@INPROCEEDINGS{ojala, 
author={Ojala, T. and Pietikainen, M. and Harwood, D.}, 
booktitle={Pattern Recognition, 1994. Vol. 1 - Conference A: Computer Vision amp; Image Processing., Proceedings of the 12th IAPR International Conference on}, 
title={Performance evaluation of texture measures with classification based on Kullback discrimination of distributions}, 
year={1994}, 
month={Oct}, 
volume={1}, 
pages={582-585 vol.1}, 
keywords={image texture;Kullback discrimination;classification;complementary features;one-dimensional feature value distributions;performance evaluation;texture measures;Analysis of variance;Autocorrelation;Automation;Distributed computing;Electric variables measurement;Histograms;Image texture analysis;Performance evaluation;Prototypes;Rotation measurement}, 
doi={10.1109/ICPR.1994.576366}
}
@Article{barrow,
author = {Barrow, H.G. and Tannenbaum, J.M.},
title = {Recovering intrinsec scene characteristics from images.},
journal = {A. Hanson and E. Riseman (Eds.)},
year = {1978},
OPTkey = {Computer Vision Systems, Academic Press: New York},
OPTpages = {3-26}
}
@inproceedings{douze,
 author = {Douze, Matthijs and J{\'e}gou, Herv{\'e} and Sandhawalia, Harsimrat and Amsaleg, Laurent and Schmid, Cordelia},
 title = {Evaluation of GIST Descriptors for Web-scale Image Search},
 booktitle = {Proceedings of the ACM International Conference on Image and Video Retrieval},
 series = {CIVR '09},
 year = {2009},
 isbn = {978-1-60558-480-5},
 location = {Santorini, Fira, Greece},
 pages = {19:1--19:8},
 articleno = {19},
 numpages = {8},
 url = {http://doi.acm.org/10.1145/1646396.1646421},
 doi = {10.1145/1646396.1646421},
 acmid = {1646421},
 publisher = {ACM},
 address = {New York, NY, USA}
} 
@Misc{gistWebSite,
OPTkey = {http://people.csail.mit.edu/torralba/code/spatialenvelope/.}
}

@ARTICLE{hog1, 
author={Torrione, P.A. and Morton, K.D. and Sakaguchi, R. and Collins, L.M.}, 
journal={Geoscience and Remote Sensing, IEEE Transactions on}, 
title={Histograms of Oriented Gradients for Landmine Detection in Ground-Penetrating Radar Data}, 
year={2014}, 
month={March}, 
volume={52}, 
number={3}, 
pages={1539-1550}, 
keywords={feature extraction;geophysical techniques;ground penetrating radar;landmine detection;remote sensing by radar;GPR data;GPR data processing;GPR-based landmine detection algorithms;computer vision feature extraction technique;computer vision literature;feature extraction;ground-penetrating radar data;oriented gradient histograms;soil distortions;subsurface clutter;subsurface threat identification;Computer vision;edge histogram descriptors;ground-penetrating radar (GPR);histogram of oriented gradients (HOG);random forest}, 
doi={10.1109/TGRS.2013.2252016}, 
ISSN={0196-2892}
}
@unpublished{hog2,
    author = {Yu, Yinan and Zhang, Junge and Huang, Yongzhen and Zheng, Shuai and Ren, Weiqiang and Wang, Chong},
    booktitle = {Visual Recognition Challange workshop},
    citeulike-article-id = {9539836},
    citeulike-linkout-0 = {http://pascallin.ecs.soton.ac.uk/challenges/VOC/voc2010/workshop/nlpr.pdf},
    keywords = {recognition},
    posted-at = {2011-07-12 21:27:27},
    priority = {5},
    title = {{Object Detection by Context and Boosted HOG-LBP}},
    url = {http://pascallin.ecs.soton.ac.uk/challenges/VOC/voc2010/workshop/nlpr.pdf},
    year = {2010}
}
@INPROCEEDINGS{hog3, 
author={Junge Zhang and Kaiqi Huang and Yinan Yu and Tieniu Tan}, 
booktitle={Computer Vision and Pattern Recognition (CVPR), 2011 IEEE Conference on}, 
title={Boosted local structured HOG-LBP for object localization}, 
year={2011}, 
month={June}, 
pages={1393-1400}, 
keywords={computer vision;feature extraction;image texture;lighting;object detection;topology;PASCAL VOC2007 dataset;boosted feature selection;bottom-up paradigm;local structured HOG-LBP;local structured descriptor;low-level feature representation;object detector;object localization;shape information;texture information;Computational modeling;Detectors;Feature extraction;Histograms;Robustness;Support vector machines;Training}, 
doi={10.1109/CVPR.2011.5995678}, 
ISSN={1063-6919}
}
@incollection{santana,
year={2013},
isbn={978-3-642-41826-6},
booktitle={Progress in Pattern Recognition, Image Analysis, Computer Vision, and Applications},
volume={8259},
series={Lecture Notes in Computer Science},
editor={Ruiz-Shulcloper, JosÃ© and Sanniti di Baja, Gabriella},
doi={10.1007/978-3-642-41827-3_34},
title={Improving Gender Classification Accuracy in the Wild},
url={http://dx.doi.org/10.1007/978-3-642-41827-3_34},
publisher={Springer Berlin Heidelberg},
keywords={gender recognition; local context; head and shoulders; LBP; HOG; in the wild},
author={CastrillÃ³n-Santana, Modesto and Lorenzo-Navarro, Javier and RamÃ³n-Balmaseda, Enrique},
pages={270-277},
language={English}
}

@inproceedings{tang,
 author = {Tang, Jie and Sun, Jimeng and Wang, Chi and Yang, Zi},
 title = {Social Influence Analysis in Large-scale Networks},
 booktitle = {Proceedings of the 15th ACM SIGKDD International Conference on Knowledge Discovery and Data Mining},
 series = {KDD '09},
 year = {2009},
 isbn = {978-1-60558-495-9},
 location = {Paris, France},
 pages = {807--816},
 numpages = {10},
 url = {http://doi.acm.org/10.1145/1557019.1557108},
 doi = {10.1145/1557019.1557108},
 acmid = {1557108},
 publisher = {ACM},
 address = {New York, NY, USA},
 keywords = {large-scale network, social influence analysis, social networks, topical analysis propagation}
} 

@article{lsiRetrieval,
  title={Large-scale information retrieval with latent semantic indexing},
  author={Letsche, Todd A and Berry, Michael W},
  journal={Information sciences},
  volume={100},
  number={1},
  pages={105--137},
  year={1997},
  publisher={Elsevier}
}

@inproceedings{rpCite,
 author = {Bingham, Ella and Mannila, Heikki},
 title = {Random Projection in Dimensionality Reduction: Applications to Image and Text Data},
 booktitle = {Proceedings of the Seventh ACM SIGKDD International Conference on Knowledge Discovery and Data Mining},
 series = {KDD '01},
 year = {2001},
 isbn = {1-58113-391-X},
 location = {San Francisco, California},
 pages = {245--250},
 numpages = {6},
 url = {http://doi.acm.org/10.1145/502512.502546},
 doi = {10.1145/502512.502546},
 acmid = {502546},
 publisher = {ACM},
 address = {New York, NY, USA},
 keywords = {dimensionality reduction, high-dimensional data, image data, random projection, text document data}
} 
@article{lemma,
year={1986},
issn={0021-2172},
journal={Israel Journal of Mathematics},
volume={54},
number={2},
doi={10.1007/BF02764938},
title={Extensions of lipschitz maps into Banach spaces},
url={http://dx.doi.org/10.1007/BF02764938},
publisher={Springer-Verlag},
author={Johnson, WilliamB. and Lindenstrauss, Joram and Schechtman, Gideon},
pages={129-138},
language={English}
}
@Misc{dbn,
OPTtitle =  {Auto encoder , dbn},
OPTnote = { http://www.cs.toronto.edu/~hinton/MatlabForSciencePaper.html.}
}
@inproceedings{heterogeneous,
  title= "Heterogeneous Transfer Learning for Image Classification.",
  author="Zhu, Yin and Chen, Yuqiang and Lu, Zhongqi and Pan, Sinno Jialin and Xue, Gui-Rong and Yu, Yong and Yang, Qiang",
  booktitle="AAAI",
  year="2011"
}
@inproceedings{kalva,
  title={Web image classification based on the fusion of image and text classifiers},
  author={Kalva, Pedro R and Enembreck, Fabricio and Koerich, Alessandro L},
  booktitle={Document Analysis and Recognition, 2007. ICDAR 2007. Ninth International Conference on},
  volume={1},
  pages={561--568},
  year={2007},
  organization={IEEE}
}
@INPROCEEDINGS{gang, 
author={Gang Wang and Hoiem, D. and Forsyth, D.}, 
booktitle={Computer Vision and Pattern Recognition, 2009. CVPR 2009. IEEE Conference on}, 
title={Building text features for object image classification}, 
year={2009}, 
month={June}, 
pages={1367-1374}, 
keywords={Internet;image classification;learning (artificial intelligence);object detection;Internet;k-nearest neighbors;object image classification;text-based image feature;Animals;Computer science;Dogs;Histograms;Image classification;Internet;Layout;Positron emission tomography;Testing;Text categorization}, 
doi={10.1109/CVPR.2009.5206816}, 
ISSN={1063-6919}
}
@inproceedings{McAuley,
  added-at = {2013-01-31T00:00:00.000+0100},
  author = {McAuley, Julian J. and Leskovec, Jure},
  biburl = {http://www.bibsonomy.org/bibtex/27523602a9157eed5f30f27b1f0a7167f/dblp},
  booktitle = {ECCV (4)},
  editor = {Fitzgibbon, Andrew W. and Lazebnik, Svetlana and Perona, Pietro and Sato, Yoichi and Schmid, Cordelia},
  ee = {http://dx.doi.org/10.1007/978-3-642-33765-9_59},
  interhash = {ebd7d6f757001ef5c3bb71a815a40259},
  intrahash = {7523602a9157eed5f30f27b1f0a7167f},
  isbn = {978-3-642-33764-2},
  keywords = {dblp},
  pages = {828-841},
  publisher = {Springer},
  series = {Lecture Notes in Computer Science},
  timestamp = {2013-02-01T11:44:27.000+0100},
  title = {Image Labeling on a Network: Using Social-Network Metadata for Image Classification.},
  url = {http://dblp.uni-trier.de/db/conf/eccv/eccv2012-4.html#McAuleyL12},
  volume = 7575,
  year = 2012
  }
  
  @article{imageIndexing,
    author = {Stvilia, Besiki and J\"{o}rgensen, Corinne and Wu, Shuheng},
    citeulike-article-id = {10348245},
    citeulike-linkout-0 = {http://dx.doi.org/10.1016/j.lisr.2011.07.011},
    doi = {10.1016/j.lisr.2011.07.011},
    issn = {07408188},
    journal = {Library \& Information Science Research},
    keywords = {imagetagging, tagging},
    month = apr,
    number = {2},
    pages = {99--109},
    posted-at = {2012-10-02 20:15:36},
    priority = {2},
    title = {{Establishing the value of socially-created metadata to image indexing}},
    url = {http://dx.doi.org/10.1016/j.lisr.2011.07.011},
    volume = {34},
    year = {2012}
}
@misc{wikiFolksonomy,
   author = "Wikipedia",
   title = "Folksonomy --- Wikipedia{,} The Free Encyclopedia",
   year = "2015",
   note = "[Online; accessed 18-May-2015]"
 }
 @article{webResource,
author = {Khaled A.F. Mohamed},
title = {The impact of metadata in web resources discovering},
journal = {Online Information Review},
volume = {30},
number = {2},
pages = {155-167},
year = {2006},
doi = {10.1108/14684520610659184},
URL = { 
        http://dx.doi.org/10.1108/14684520610659184
    
},
eprint = { 
        http://dx.doi.org/10.1108/14684520610659184
    
}
}

@article{digiImage,
author = {Krystyna K. Matusiak},
title = {Towards user-centered indexing in digital image collections},
journal = {OCLC Systems \& Services: International digital library perspectives},
volume = {22},
number = {4},
pages = {283-298},
year = {2006},
doi = {10.1108/10650750610706998},

URL = { 
        http://dx.doi.org/10.1108/10650750610706998
    
},
eprint = { 
        http://dx.doi.org/10.1108/10650750610706998
    
}
}

@misc{textTransformed,
year={2013},
isbn={978-3-642-28806-7},
booktitle={Recent Progress in Data Engineering and Internet Technology},
volume={156},
series={Lecture Notes in Electrical Engineering},
editor={Gaol, Ford Lumban},
doi={10.1007/978-3-642-28807-4_51},
title={Text-Transformed Image Classification Based on Data Compression},
url={http://dx.doi.org/10.1007/978-3-642-28807-4_51},
publisher={Springer Berlin Heidelberg},
author={Zhang, Nuo and Watanabe, Toshinori},
pages={365-370},
language={English}
}

@Inproceedings {dhruv,
author       = {Dhruv Mahajan and Malcolm Slaney},
publisher    = {ACM Multimedia},
title        = {Image classification using the web graph},
url          = {http://research.microsoft.com/apps/pubs/default.aspx?id=192157},
year         = {2010}
}
@Inproceedings{silva,
author       = {Leandro Augusto da Silva},
title        = {Image classification combining visual features and text data: neural approach and based on swarms},
url          = {http://www.bv.fapesp.br/25294},
year        = {2013}
}
@inproceedings{kesorn,
  title={MULTI-MODAL MULTI-SEMANTIC IMAGE RETRIEVAL},
  author={Chimlek, Sutasinee and Kesorn, Kraisak and Piamsa-Nga, Punpiti and Poslad, Stefan},
  booktitle={Multimedia and Expo (ICME), 2010 IEEE International Conference on},
  pages={1242--1247},
  year={2010},
  organization={IEEE}
}
@misc{tangImage,
author    = {Jiayu Tang, Paul H. LewisKraisak Kesorn},
title        = {AN IMAGE BASED FEATURE SPACE AND MAPPING FOR LINKING REGIONS AND WORDS},
url          = {Intelligence, Agents, Multimedia Group, School of Electronics and Computer Science,},
year        = {2010}
}


@inproceedings{blum,
 author = {Blum, Avrim and Mitchell, Tom},
 title = {Combining Labeled and Unlabeled Data with Co-training},
 booktitle = {Proceedings of the Eleventh Annual Conference on Computational Learning Theory},
 series = {COLT' 98},
 year = {1998},
 isbn = {1-58113-057-0},
 location = {Madison, Wisconsin, USA},
 pages = {92--100},
 numpages = {9},
 url = {http://doi.acm.org/10.1145/279943.279962},
 doi = {10.1145/279943.279962},
 acmid = {279962},
 publisher = {ACM},
 address = {New York, NY, USA}
} 
@InProceedings{mmodel,
  author       = "Matthieu Guillaumin and Jakob Verbeek and Cordelia Schmid",
  title        = "Multimodal semi-supervised learning for image classification",
  booktitle    = "IEEE Conference on Computer Vision \& Pattern Recognition",
  pages        = "902 - 909",
  month        = "jun",
  year         = "2010",
  url          = "http://lear.inrialpes.fr/pubs/2010/GVS10"
}
@article{liu,
title = "A survey of content-based image retrieval with high-level semantics ",
journal = "Pattern Recognition ",
volume = "40",
number = "1",
pages = "262 - 282",
year = "2007",
note = "",
issn = "0031-3203",
doi = "http://dx.doi.org/10.1016/j.patcog.2006.04.045",
url = "http://www.sciencedirect.com/science/article/pii/S0031320306002184",
author = "Ying Liu and Dengsheng Zhang and Guojun Lu and Wei-Ying Ma",
keywords = "Content-based image retrieval",
keywords = "Semantic gap",
keywords = "High-level semantics",
keywords = "Survey "
}

@inproceedings{raina,
 author = {Raina, Rajat and Battle, Alexis and Lee, Honglak and Packer, Benjamin and Ng, Andrew Y.},
 title = {Self-taught Learning: Transfer Learning from Unlabeled Data},
 booktitle = {Proceedings of the 24th International Conference on Machine Learning},
 series = {ICML '07},
 year = {2007},
 isbn = {978-1-59593-793-3},
 location = {Corvalis, Oregon, USA},
 pages = {759--766},
 numpages = {8},
 url = {http://doi.acm.org/10.1145/1273496.1273592},
 doi = {10.1145/1273496.1273592},
 acmid = {1273592},
 publisher = {ACM},
 address = {New York, NY, USA}
} 
@inproceedings{gupta,
  added-at = {2009-04-17T00:00:00.000+0200},
  author = {Gupta, Sonal and Kim, Joohyun and Grauman, Kristen and Mooney, Raymond J.},
  biburl = {http://www.bibsonomy.org/bibtex/2a9ff48087de4f2a1cd6f7c057f051c4a/dblp},
  booktitle = {ECML/PKDD (1)},
  date = {2009-04-17},
  description = {dblp},
  editor = {Daelemans, Walter and Goethals, Bart and Morik, Katharina},
  ee = {http://dx.doi.org/10.1007/978-3-540-87479-9_48},
  interhash = {c332982a74446086de27685e43f8e735},
  intrahash = {a9ff48087de4f2a1cd6f7c057f051c4a},
  isbn = {978-3-540-87478-2},
  keywords = {dblp},
  pages = {457-472},
  publisher = {Springer},
  series = {Lecture Notes in Computer Science},
  timestamp = {2009-04-18T11:33:02.000+0200},
  title = {Watch, Listen \& Learn: Co-training on Captioned Images and Videos.},
  url = {http://dblp.uni-trier.de/db/conf/pkdd/pkdd2008-1.html#GuptaKGM08},
  volume = {5211},
  year = {2008}
}
@inproceedings{rae,
 author = {Rae, Adam and Sigurbj\"{o}rnsson, B\"{o}rkur and van Zwol, Roelof},
 title = {Improving Tag Recommendation Using Social Networks},
 booktitle = {Adaptivity, Personalization and Fusion of Heterogeneous Information},
 series = {RIAO '10},
 year = {2010},
 location = {Paris, France},
 pages = {92--99},
 numpages = {8},
 url = {http://dl.acm.org/citation.cfm?id=1937055.1937077},
 acmid = {1937077},
 publisher = {LE CENTRE DE HAUTES ETUDES INTERNATIONALES D'INFORMATIQUE DOCUMENTAIRE},
 address = {Paris, France, France},
 keywords = {Flickr, personalisation, social networks, tag recommendation}
} 

@inproceedings{vanZwol,
 author = { Roelof, van Zwol and Rae, Adam and Garcia Pueyo, Lluis},
 title = {Prediction of Favourite Photos Using Social, Visual, and Textual Signals},
 booktitle = {Proceedings of the International Conference on Multimedia},
 series = {MM '10},
 year = {2010},
 isbn = {978-1-60558-933-6},
 location = {Firenze, Italy},
 pages = {1015--1018},
 numpages = {4},
 url = {http://doi.acm.org/10.1145/1873951.1874138},
 doi = {10.1145/1873951.1874138},
 acmid = {1874138},
 publisher = {ACM},
 address = {New York, NY, USA},
 keywords = {Flickr, GBDT, favourite classification, social, textual, visual}
} 

@inproceedings{nov,
 author = {Nov, Oded and Naaman, Mor and Ye, Chen},
 title = {What Drives Content Tagging: The Case of Photos on Flickr},
 booktitle = {Proceedings of the SIGCHI Conference on Human Factors in Computing Systems},
 series = {CHI '08},
 year = {2008},
 isbn = {978-1-60558-011-1},
 location = {Florence, Italy},
 pages = {1097--1100},
 numpages = {4},
 url = {http://doi.acm.org/10.1145/1357054.1357225},
 doi = {10.1145/1357054.1357225},
 acmid = {1357225},
 publisher = {ACM},
 address = {New York, NY, USA},
 keywords = {Flickr, motivations, photo sharing, social presence, tags}
} 
@INPROCEEDINGS{kern, 
author={Kern, R. and Granitzer, M. and Pammer, V.}, 
booktitle={Image Analysis for Multimedia Interactive Services, 2008. WIAMIS '08. Ninth International Workshop on}, 
title={Extending Folksonomies for Image Tagging}, 
year={2008}, 
month={May}, 
pages={126-129}, 
keywords={Internet;content management;content-based retrieval;image retrieval;meta data;multimedia computing;World Wide Web;content based image retrieval;folksonomy;image tagging;metadata;multimedia data organisation;multimedia data retrieval;tag recommendation;Collaboration;Content based retrieval;Humans;Image analysis;Image retrieval;Information retrieval;MPEG 7 Standard;Relational databases;Tagging;Vocabulary;Folksonomies;Image Tagging;Spreading Activation}, 
doi={10.1109/WIAMIS.2008.43}
}
@inproceedings{chi2008understanding,
  added-at = {2009-08-03T10:04:08.000+0200},
  address = {New York, NY, USA},
  author = {Chi, Ed H. and Mytkowicz, Todd},
  biburl = {http://puma.uni-kassel.de/bibtex/2dfa880e6d3e33d0aeb357396fb1833cd/jaeschke},
  booktitle = {HT '08: Proceedings of the nineteenth ACM conference on Hypertext and hypermedia},
  description = {Understanding the efficiency of social tagging systems using information theory},
  doi = {10.1145/1379092.1379110},
  interhash = {81c80283290d396a41015d0df11822c7},
  intrahash = {dfa880e6d3e33d0aeb357396fb1833cd},
  isbn = {978-1-59593-985-2},
  keywords = {bookmarking efficiency folksonomy information social tagging theory},
  location = {Pittsburgh, PA, USA},
  pages = {81--88},
  publisher = {ACM},
  timestamp = {2009-08-03T10:04:08.000+0200},
  title = {Understanding the efficiency of social tagging systems using information theory},
  url = {http://portal.acm.org/citation.cfm?id=1379110&coll=GUIDE&dl=GUIDE&CFID=37458772&CFTOKEN=13998061&ret=1},
  year ={ 2008}
}

@article{Boutell2005935,
title = "Beyond pixels: Exploiting camera metadata for photo classification ",
journal = "Pattern Recognition ",
volume = "38",
number = "6",
pages = "935 - 946",
year = "2005",
note = "Image Understanding for Photographs ",
issn = "0031-3203",
doi = "http://dx.doi.org/10.1016/j.patcog.2004.11.013",
url = "http://www.sciencedirect.com/science/article/pii/S0031320304003978",
author = "Matthew Boutell and Jiebo Luo",
keywords = "Semantic scene classification",
keywords = "Low-level cues",
keywords = "Camera metadata",
keywords = "Exposure time",
keywords = "Flash fired",
keywords = "Subject distance "
}
@inproceedings{Bartell:1994:ACM:188490.188554,
 author = {Bartell, Brian T. and Cottrell, Garrison W. and Belew, Richard K.},
 title = {Automatic Combination of Multiple Ranked Retrieval Systems},
 booktitle = {Proceedings of the 17th Annual International ACM SIGIR Conference on Research and Development in Information Retrieval},
 series = {SIGIR '94},
 year = {1994},
 isbn = {0-387-19889-X},
 location = {Dublin, Ireland},
 pages = {173--181},
 numpages = {9},
 url = {http://dl.acm.org/citation.cfm?id=188490.188554},
 acmid = {188554},
 publisher = {Springer-Verlag New York, Inc.},
 address = {New York, NY, USA}
} 
@MastersThesis{socialLDA,
author = {Ashish Bindra, Ankur Teredesai and Martine De Cock},
title = {SocialLDA:Scalable Topic Modeling in Social Networks},
school = {University of Washington},
year = {2012}
}
@article{smeulders2000content,
  title={Content-based image retrieval at the end of the early years},
  author={Smeulders, Arnold WM and Worring, Marcel and Santini, Simone and Gupta, Amarnath and Jain, Ramesh},
  journal={Pattern Analysis and Machine Intelligence, IEEE Transactions on},
  volume={22},
  number={12},
  pages={1349--1380},
  year={2000},
  publisher={IEEE}
}
@article{frankel1996webseer,
  title={Webseer: An image search engine for the world wide web},
  author={Frankel, Charles and Swain, Michael J and Athitsos, Vassilis},
  year={1996},
  publisher={Citeseer}
}
@article{zhao2002narrowing,
  title={Narrowing the semantic gap-improved text-based web document retrieval using visual features},
  author={Zhao, Rong and Grosky, William I},
  journal={Multimedia, IEEE Transactions on},
  volume={4},
  number={2},
  pages={189--200},
  year={2002},
  publisher={IEEE}
}

@article{hu2004categorizing,
  title={Categorizing images in Web documents},
  author={Hu, Jianying and Bagga, Amit},
  journal={MultiMedia, IEEE},
  volume={11},
  number={1},
  pages={22--30},
  year={2004},
  publisher={IEEE}
}
@inproceedings{song2004autonomous,
  title={Autonomous visual model building based on image crawling through internet search engines},
  author={Song, Xiaodan and Lin, Ching-Yung and Sun, Ming-Ting},
  booktitle={Proceedings of the 6th ACM SIGMM international workshop on Multimedia information retrieval},
  pages={315--322},
  year={2004},
  organization={ACM}
}
@article{smith1997visually,
  title={Visually searching the web for content},
  author={Smith, John R and Chang, Shih-Fu},
  journal={IEEE multimedia},
  number={3},
  pages={12--20},
  year={1997},
  publisher={IEEE}
}